@online{oclHashcat,
	author = {Jens 'atom' Steube},
	title = {oclHashcat},
	year = 2015,
	url = {http://hashcat.net/oclhashcat/},
	urldate = {2015-10-29}
}

@online{IDAPro,
	title = {IDAPro},
	year = 2015,
	url = {https://www.hex-rays.com/products/ida/},
	urldate = {2015-10-29}
}